<record><leader>00000cas a22000007a 4500</leader><controlfield tag="001">9433215</controlfield><controlfield tag="008">830421d18uu18uumduwr ne      0    0eng  </controlfield><datafield ind1=" " ind2=" " tag="010"><subfield code="a">sn 83016124 </subfield></datafield><datafield ind1=" " ind2=" " tag="040"><subfield code="a">DLC</subfield><subfield code="b">eng</subfield><subfield code="c">DLC</subfield><subfield code="d">MFN</subfield><subfield code="d">DLC</subfield><subfield code="d">OCLCQ</subfield></datafield><datafield ind1=" " ind2=" " tag="042"><subfield code="a">msc</subfield></datafield><datafield ind1="0" ind2="0" tag="050"><subfield code="a">Newspaper</subfield></datafield><datafield ind1="0" ind2="0" tag="245"><subfield code="a">Times &amp; advertiser.</subfield></datafield><datafield ind1="3" ind2="0" tag="246"><subfield code="a">Times and advertiser</subfield></datafield><datafield ind1="1" ind2="7" tag="246"><subfield code="a">Centreville times &amp; public advertiser</subfield></datafield><datafield ind1=" " ind2=" " tag="260"><subfield code="a">Centreville, Md. :</subfield><subfield code="b">[J.B. Spencer]</subfield></datafield><datafield ind1=" " ind2=" " tag="300"><subfield code="a">v.</subfield></datafield><datafield ind1=" " ind2=" " tag="310"><subfield code="a">Weekly</subfield></datafield><datafield ind1=" " ind2=" " tag="588"><subfield code="a">Description based on: Mar. 29, 1845.</subfield></datafield><datafield ind1=" " ind2=" " tag="752"><subfield code="a">United States</subfield><subfield code="b">Maryland</subfield><subfield code="c">Queen Anne's</subfield><subfield code="d">Centreville.</subfield></datafield><datafield ind1="1" ind2=" " tag="029"><subfield code="a">AU@</subfield><subfield code="b">000026220254</subfield></datafield></record>